@article{main,
  added-at = {2012-06-12T00:00:00.000+0200},
  author = {Tsanas, Athanasios and Little, Max A. and McSharry, Patrick E. and Ramig, Lorraine O.},
  biburl = {http://www.bibsonomy.org/bibtex/26fc6cfa4dee3ad3f14dbd7da0fb0eb18/dblp},
  ee = {http://dx.doi.org/10.1109/TBME.2009.2036000},
  interhash = {80629a90a9b0c7234224bc2f880903b1},
  intrahash = {6fc6cfa4dee3ad3f14dbd7da0fb0eb18},
  journal = {IEEE Trans. Biomed. Engineering},
  keywords = {dblp},
  number = 4,
  pages = {884-893},
  timestamp = {2012-06-12T00:00:00.000+0200},
  title = {Accurate Telemonitoring of Parkinson's Disease Progression by Noninvasive Speech Tests.},
  url = {http://dblp.uni-trier.de/db/journals/tbe/tbe57.html#TsanasLMR10},
  volume = 57,
  year = 2010
}

@article{data,
    author = {Little, Max A. and Mcsharry, Patrick E. and Roberts, Stephen J. and Costello, Declan A. E. and Moroz, Irene M.},
    citeulike-article-id = {1415740},
    citeulike-linkout-0 = {http://dx.doi.org/10.1186/1475-925X-6-23},
    citeulike-linkout-1 = {http://view.ncbi.nlm.nih.gov/pubmed/17594480},
    citeulike-linkout-2 = {http://www.hubmed.org/display.cgi?uids=17594480},
    day = {26},
    doi = {10.1186/1475-925X-6-23},
    issn = {1475-925X},
    journal = {BioMedical Engineering OnLine},
    keywords = {jerk, ngd, recurrence, smoothness},
    month = jun,
    pages = {23+},
    pmid = {17594480},
    posted-at = {2008-02-20 13:34:22},
    priority = {2},
    title = {{Exploiting Nonlinear Recurrence and Fractal Scaling Properties for Voice Disorder Detection}},
    url = {http://dx.doi.org/10.1186/1475-925X-6-23},
    volume = {6},
    year = {2007}
}

